
@misc{aisharenet-kitools,
	title = {Die 5 besten {KI}-{Agenten}-{Frameworks}, die sich im {Jahr} 2025 lohnen},
	url = {https://www.aisharenet.com/de/2025nianzhiderukengai/},
	abstract = {Agent Die häufigste Übersetzung, die ich bisher gesehen habe, ist "intelligenter Körper", aber die direkte Übersetzung ist "Agent". Was sollte mit Agentic übersetzt werden? Meiner Meinung nach ist der Begriff "agentic" besser geeignet. Um also die Leser nicht zu verwirren, verwende ich in diesem Artikel direkt das Englische.   Mit der Entwicklung von LLM, der Fähigkeit der KI...},
	language = {zh-CN},
	urldate = {2025-02-03},
	journal = {Chef-KI-Austauschkreis},
}


@misc{phidata, 
    author = {Phidata}, 
    title = {Phidata - How engineers build AI agents}, 
    year = {2024}, 
    url = {https://www.phidata.com/} ,
    urldate = {2025-02-03},
}

@misc{microsoft_semantic_kernel_agent_framework, 
    author = {Microsoft}, 
    title = {Semantic Kernel Agent Framework (Experimental)}, 
    year = {2024}, 
    url = {https://learn.microsoft.com/de-de/semantic-kernel/frameworks/agent/},
    urldate = {2025-02-03},
}

@misc{phidata_introduction, 
    author = {Phidata}, 
    title = {Phidata: Introduction}, 
    year = {2024}, 
    url = {https://docs.phidata.com/introduction} ,
    urldate = {2025-02-03},
}

@misc{phidata_vs_langchain_comparison, 
    author = {Restackio}, 
    title = {Phidata Vs Langchain Comparison}, 
    year = {2024}, 
    url = {https://www.restack.io/p/phidata-answer-vs-langchain-cat-ai?utm_source=chatgpt.com},
    urldate = {2025-02-03},
}

@misc{microsoft-autogen,
    title = {Microsoft Autogen: The AI Agent Framework}, 
    author = {Microsoft}, 
    year = {2024}, 
    url = {https://microsoft.github.io/autogen/0.2/docs/Getting-Started},
    urldate = {2025-02-03},
}

@misc{crewai,
    title = {Crew AI: The AI Agent Framework}, 
    author = {Crew AI}, 
    year = {2024}, 
    url = {https://www.crewai.com/enterprise},
    urldate = {2025-02-03},
}


@misc{phidata_sqliteagent,
	title = {Sqlite {Agent} {Storage}},
	url = {https://docs.phidata.com/storage/sqlite},
	language = {en},
	urldate = {2025-02-04},
	journal = {Phidata},
}
